%% This BibTeX bibliography file was created using BibDesk.
%% http://bibdesk.sourceforge.net/

%% Created for zack wang at 2018-12-17 23:01:53 +0800 


%% Saved with string encoding Unicode (UTF-8) 

@inproceedings{BADMM,
  title={Bregman alternating direction method of multipliers},
  author={Wang, Huahua and Banerjee, Arindam},
  booktitle={Advances in Neural Information Processing Systems},
  pages={2816--2824},
  year={2014}
}

@inproceedings{nltaa,
  title={Near-linear time approximation algorithms for optimal transport via Sinkhorn iteration},
  author={Altschuler, Jason and Weed, Jonathan and Rigollet, Philippe},
  booktitle={Advances in Neural Information Processing Systems},
  pages={1964--1974},
  year={2017}
}

@article{sinkhorn,
  title={A relationship between arbitrary positive matrices and doubly stochastic matrices},
  author={Sinkhorn, Richard},
  journal={The annals of mathematical statistics},
  volume={35},
  number={2},
  pages={876--879},
  year={1964},
  publisher={JSTOR}
}

@article{aaote,
  title={Asymptotic analysis of the exponential penalty trajectory in linear programming},
  author={Cominetti, Roberto and San Mart{\'\i}n, Jaime},
  journal={Mathematical Programming},
  volume={67},
  number={1-3},
  pages={169--187},
  year={1994},
  publisher={Springer}
}

@article{COT,
	Author = {Gabriel, Peyr{\'e} and Marco, Cuturi},
	Date-Added = {2018-12-17 23:00:57 +0800},
	Date-Modified = {2018-12-17 23:01:50 +0800},
	Journal = {{arXiv}: 1803.00567v1},
	Title = {Computational Optimal Transport},
	Year = {2018}}

@article{DOTmark,
	Author = {Schrieber, J{\"o}rn and Schuhmacher, Dominic and Gottschlich, Carsten},
	Date-Added = {2018-12-09 21:22:55 +0800},
	Date-Modified = {2018-12-09 21:22:55 +0800},
	Journal = {arxiv: 1610.03368},
	Title = {{DOTmark} - A Benchmark for Discrete Optimal Transport},
	Year = {2017}}

@book{num_opt,
	Author = {Jorge, Nocedal and Stephen, J. Wright},
	Date-Added = {2018-10-29 11:28:29 +0800},
	Date-Modified = {2018-10-29 11:29:57 +0800},
	Publisher = {Springer},
	Title = {Numerical Optimization},
	Year = {2006}}

@article{drkda,
	Author = {Zhang, Jingzhao and Mokhtari, Aryan and Sra, Suvrit and Jadbabaie, Ali},
	Date-Added = {2018-10-29 00:55:52 +0800},
	Date-Modified = {2018-10-29 00:56:57 +0800},
	Journal = {{arXiv}: 1805.00521},
	Title = {Direct Runge-Kutta Discretization Achieves Acceleration},
	Year = {2018}}

@book{iloco,
	Author = {Nesterov, Yurii},
	Date-Added = {2018-10-01 22:54:56 +0800},
	Date-Modified = {2018-10-01 22:59:22 +0800},
	Publisher = {Springer Science {\&} Business Media},
	Title = {Introductory lectures on convex optimization: A basic course},
	Volume = {87},
	Year = {2013}}

@article{imaao,
	Author = {Scieur, Damien and Roulet, Vincent and Bach, Francis and d'Aspremont, Alexandre},
	Date-Added = {2018-10-01 22:50:00 +0800},
	Date-Modified = {2018-10-01 22:51:33 +0800},
	Journal = {{arXiv}:1702.06751},
	Title = {Integration Methods and Accelerated Optimization Algorithms},
	Year = {2017}}

@article{pioan,
	Author = {Duan Haibin and Qiao Peixin},
	Date-Added = {2018-09-24 13:01:36 +0800},
	Date-Modified = {2018-09-24 13:02:34 +0800},
	Journal = {IJICC},
	Title = {Pigeon-inspired optimization: a new swarm intelligence optimizer for air robot path planning},
	Year = {2014}}

@article{alaom,
	Author = {Wilson Ashia C. and Recht Benjamin and Jordan Michael I.},
	Date-Added = {2018-09-22 16:11:03 +0800},
	Date-Modified = {2018-09-22 16:12:13 +0800},
	Journal = {{arXiv}:1611.02635},
	Title = {A Lyapunov Analysis of Momentum Methods in Optimization},
	Year = {2016}}

@article{avpoa,
	Author = {Wibisono Andre and Wilson Ashia C. and Jordan Michael I.},
	Date-Added = {2018-09-22 12:58:45 +0800},
	Date-Modified = {2018-09-22 12:59:11 +0800},
	Journal = {{arXiv}:1603.04245},
	Title = {A Variational Perspective on Accelerated Methods in Optimization},
	Year = {2016}}

@article{arfag,
	Author = {B. O'Donoghue and E. J. Cand`es},
	Date-Added = {2018-09-16 11:20:17 +0800},
	Date-Modified = {2018-09-16 11:20:48 +0800},
	Journal = {Found. Comput. Math.},
	Title = {Adaptive restart for accelerated gradient schemes},
	Year = {2013}}

@article{nesterov,
	Author = {Y. Nesterov},
	Date-Added = {2018-09-14 12:40:22 +0800},
	Date-Modified = {2018-10-29 12:05:57 +0800},
	Journal = {Soviet Mathematics Doklady},
	Number = {2},
	Pages = {372--376},
	Title = {A method of solving a convex programming problem with convergence rate {$O(1/k^2)$}},
	Volume = {27},
	Year = {1983}}

@article{adefm,
	Author = {Su, Weijie and Boyd., Stephen and Cand{\'e}s, Emmanuel, J},
	Date-Added = {2018-09-14 12:33:31 +0800},
	Date-Modified = {2018-10-01 21:53:36 +0800},
	Journal = {JMLR},
	Title = {A Differential Equation for Modeling Nesterov's Accelerated Gradient Method: Theory and Insights},
	Year = {2016}}

@article{gtbat,
	Author = {Heusel M. and Ramsauer H. and Unterthiner T. and Nessler B. and Hochreiter S.},
	Date-Added = {2018-09-09 18:59:00 +0800},
	Date-Modified = {2018-09-09 19:00:35 +0800},
	Journal = {NIPS},
	Title = {GANs Trained by a Two Time-Scale Update Rule Converge to a Local Nash Equilibrium},
	Year = {2017}}

@article{adam,
	Author = {Kingma D. P. and Ba, J. L.},
	Date-Added = {2018-09-09 18:55:08 +0800},
	Date-Modified = {2018-09-09 18:57:44 +0800},
	Journal = {International Conference on Learning Representations},
	Pages = {1-11},
	Title = {Adam: a Method for Stochastic Optimization},
	Year = {2015}}

@article{wrn,
	Author = {Zagoruyko Sergey and Komodakis Nikos},
	Date-Added = {2018-09-03 19:55:52 +0800},
	Date-Modified = {2018-09-03 19:57:16 +0800},
	Journal = {arXIv:1605.07146},
	Title = {Wide Residual Networks},
	Year = {2016}}

@article{gdwc,
	Author = {C. Szegedy and W. Liu and Y. Jia and P. Sermanet and S. Reed and D. Anguelov and D. Erhan and V. Vanhoucke and A. Rabinovich.},
	Date-Added = {2018-09-02 12:43:21 +0000},
	Date-Modified = {2018-09-02 12:44:33 +0000},
	Journal = {Proceedings of the IEEE Conference on Computer Vision and Pattern Recognition},
	Pages = {1-9},
	Title = {Going deeper with convolutions},
	Year = {2015}}

@article{igcfd,
	Author = {Zhang Ting and Qi Guo-Jun and Xiao Bin and Wang Jingdong},
	Date-Added = {2018-09-02 12:21:50 +0000},
	Date-Modified = {2018-09-02 12:23:07 +0000},
	Journal = {ICCV},
	Title = {Interleaved Group Convolutions for Deep Neural Networks},
	Year = {2017}}

@article{VGG,
	Author = {K. Simonyan and A. Zisserman.},
	Date-Added = {2018-09-02 12:13:38 +0000},
	Date-Modified = {2018-09-02 12:14:11 +0000},
	Journal = {arXiv preprint arXiv:1409.1556},
	Title = {Very deep convolutional networks for large-scale image recognition},
	Year = {2014}}

@article{rtiaf,
	Author = {Szegedy Christian and Vanhoucke Vincent and Ioffe Sergey and Shlens Jonathon and Wojna Zbigniew},
	Date-Added = {2018-09-02 11:25:22 +0000},
	Date-Modified = {2018-09-02 12:25:16 +0000},
	Journal = {arXiv:1512.0056},
	Title = {Rethinking the Inception Architecture for Computer Vision},
	Year = {2015}}

@article{icdwc,
	Author = {Alex Krizhevsky and Ilya Sutskever and Geoff Hinton},
	Date-Added = {2018-09-01 14:29:40 +0000},
	Date-Modified = {2018-09-01 14:31:25 +0000},
	Journal = {Advances in Neural Information Processing Systems},
	Number = {25},
	Pages = {1106--1114},
	Title = {Imagenet classification with deep con- volutional neural networks},
	Year = {2012}}

@article{SVHN,
	Author = {Yuval Netzer, Tao Wang and Adam Coates and Alessandro Bissacco and Bo Wu and Andrew Y Ng},
	Date-Added = {2018-09-01 14:24:41 +0000},
	Date-Modified = {2018-09-01 14:25:38 +0000},
	Journal = {NIPS Workshop on Deep Learning and Unsupervised Feature Learning},
	Title = {Reading digits in natural images with unsupervised feature learning},
	Year = {2011}}

@article{mnist,
	Author = {Lecun, Y. and Bottou, L. and Bengio, Y. and Haffner, P.},
	Date-Added = {2018-09-01 14:21:24 +0000},
	Date-Modified = {2018-09-01 14:23:00 +0000},
	Journal = {IEEE},
	Title = {Gradient-based learning applied to document recognition},
	Year = {1998}}

@book{cifar,
	Author = {Alex Krizhevsky},
	Date-Added = {2018-09-01 14:17:11 +0000},
	Date-Modified = {2018-09-01 14:18:35 +0000},
	Publisher = {Master's thesis, Department of Computer Science, University of Toronto},
	Title = {Learning Multiple Layers of Features from Tiny Images},
	Year = {2009}}

@article{aynib,
	Author = {Di Xie and Jiang Xiong and Shiliang Pu},
	Date-Added = {2018-07-02 08:13:02 +0000},
	Date-Modified = {2018-07-02 08:15:43 +0000},
	Journal = {CVPR},
	Title = {All You Need is Beyond a Good Init: Exploring Better Solution for Training Extremely Deep Convolutional Neural Networks with Orthonormality and Modulation},
	Year = {2017}}

@article{BN,
	Author = {Sergey Ioffe and Christian Szegedy},
	Date-Added = {2018-05-06 08:57:49 +0000},
	Date-Modified = {2018-05-06 08:59:36 +0000},
	Journal = {Proceedings of The 32nd International Conference on Machine Learning,},
	Pages = {448--456},
	Title = {Batch normalization: Accelerating deep network training by reducing internal covariate shift},
	Year = {2015}}

@article{dccn,
	Author = {Huang, Gao and Liu, Zhuang and van der Maaten, Laurens and Weinberger, Kilian Q.},
	Journal = {CVPR},
	Title = {Densely Connected Convolutional Networks},
	Year = {2017}}

@article{ddioc,
	Author = {P.Krahenbuhl and C.Doersch,J.Donahue and T.Darrell},
	Date-Added = {2018-07-02 08:24:56 +0000},
	Date-Modified = {2018-09-02 12:24:50 +0000},
	Journal = {arXiv:1511.06856},
	Title = {Data-dependent initializations of convolutional neural networks},
	Year = {2015}}

@book{dlb,
	Author = {Ian Goodfellow and Yoshua Bengio and Aaron Courville},
	Date-Added = {2018-06-05 11:56:52 +0000},
	Date-Modified = {2018-06-05 11:57:49 +0000},
	Publisher = {MIT Press},
	Title = {Deep learning},
	Year = {2016}}

@article{drlfi,
	Author = {Kaiming He and Xiangyu Zhang and Shaoqing Ren and Jian Sun},
	Journal = {CVPR},
	Title = {Deep residual learning for image recognition},
	Year = {2016}}

@article{FIRE,
	Author = {Huang, Gao and Liu, Zhuang and van der Maaten, Laurens and Weinberger, Kilian Q.},
	Journal = {Physical Review Letters},
	Number = {17},
	Title = {Structural Relaxation Made Simple},
	Volume = {97},
	Year = {2006}}

@article{geo-alg,
	Author = {Alan Edelman, Tom{\'a}s A Arias and Steven T Smith},
	Date-Added = {2018-05-06 09:08:23 +0000},
	Date-Modified = {2018-05-06 10:13:04 +0000},
	Journal = {SIAM journal on Matrix Analysis and Applications},
	Number = {2},
	Pages = {303--353},
	Title = {The geometry of algorithms with orthogonality constraints},
	Volume = {20},
	Year = {1998}}

@article{Joint_diag,
	Author = {Absil, P. A. and Gallivan, K. A.},
	Date-Added = {2018-05-13 12:30:55 +0000},
	Date-Modified = {2018-05-13 12:32:57 +0000},
	Journal = {ICASSP},
	Pages = {945-948},
	Title = {Joint diagonalization on the oblique manifold for independent component analysis},
	Volume = {5},
	Year = {2006}}

@article{mlsgm,
	Author = {Yang, Shuoguang and Wang, Mengdi and Fang, Ethan X.},
	Journal = {arXiv:1801.03600 [math]},
	Title = {Multi-Level Stochastic Gradient Methods for Nested Composition Optimization},
	Year = {2018}}

@article{nin,
	Author = {Lin, Min and Chen, Qiang and Yan, Shuicheng},
	Journal = {ICLR},
	Title = {Network In Network},
	Year = {2014}}

@article{npapt,
	Author = {D. Arpit and Y. Zhou and B. U. Kota and V. Govindaraju},
	Date-Added = {2018-07-02 08:23:51 +0000},
	Date-Modified = {2018-07-02 08:27:29 +0000},
	Journal = {ICML},
	Title = {Normalization propagation: A parametric technique for removing internal covariate shift in deep networks},
	Year = {2016}}

@article{oosoc,
	Author = {O. Mete and O. Takayuki},
	Journal = {arXiv:1610.07008},
	Title = {Optimization on submanifolds of convolution kernels in cnns},
	Year = {2016}}

@article{otmti,
	Author = {Qian, Ning},
	Date = {1999-01},
	Issn = {08936080},
	Journal = {Neural Networks},
	Number = {1},
	Pages = {145--151},
	Title = {On the momentum term in gradient descent learning algorithms},
	Volume = {12}}

@article{ownst,
	Author = {Huang, Lei and Liu, Xianglong and Lang, Bo and Yu, Adams Wei and Wang, Yongliang and Li, Bo},
	Journal = {AAAI},
	Shorttitle = {Orthogonal {{Weight Normalization}}},
	Title = {Orthogonal {{Weight Normalization}}: {{Solution}} to {{Optimization}} over {{Multiple Dependent Stiefel Manifolds}} in {{Deep Neural Networks}}},
	Year = {2017}}

@article{Rie_app,
	Author = {Minhyung Cho and Jaehyung Lee},
	Date-Added = {2018-05-14 11:08:21 +0000},
	Date-Modified = {2018-05-14 11:10:30 +0000},
	Month = {09},
	Title = {Riemannian approach to batch normalization},
	Year = {2017}}

@article{Rie_pre,
	Author = {Mishra, B. and Sepulchre, R},
	Date-Added = {2018-05-13 11:14:14 +0000},
	Date-Modified = {2018-05-13 11:16:09 +0000},
	Journal = {SIAM Journal on Optimization},
	Number = {1},
	Pages = {635-660},
	Title = {Riemannian preconditioning},
	Volume = {26},
	Year = {2016}}

@article{rwift,
	Author = {D. Sussillo and L. F. Abbott},
	Journal = {arXiv:1412.6558},
	Title = {Random walk initialization for training very deep feedforward networks},
	Year = {2014}}

@article{scgda,
	Author = {Wang, Mengdi and Fang, Ethan X. and Liu, H.},
	Journal = {Mathematical Programming},
	Title = {Stochastic compositional gradient descent: Algorithms for minimizing compositions of expected-value functions},
	Year = {2017}}

@article{tdnws,
	Author = {Ionescu, Catalin and Vantzos, Orestis and Sminchisescu, Cristian},
	Journal = {ICCV},
	Title = {Training {{Deep Networks}} with {{Structured Layers}} by {{Matrix Backpropagation}}},
	Year = {2015}}
	
@article{multiscale,
  title={Multiscale strategies for computing optimal transport},
  author={Gerber, Samuel and Maggioni, Mauro},
  journal={The Journal of Machine Learning Research},
  volume={18},
  number={1},
  pages={2440--2471},
  year={2017},
  publisher={JMLR. org}
}

@inproceedings{projection,
  title={Efficient projections onto the $l_1$-ball for learning in high dimensions},
  author={Duchi, John and Shalev-Shwartz, Shai and Singer, Yoram and Chandra, Tushar},
  booktitle={Proceedings of the 25th international conference on Machine learning},
  pages={272--279},
  year={2008},
  organization={ACM}
}
